<?xml version="1.0" encoding="UTF-8"?>
<OAI-PMH xmlns="http://www.openarchives.org/OAI/2.0/" xmlns:xsi="http://www.w3.org/2001/XMLSchema-instance" xsi:schemaLocation="http://www.openarchives.org/OAI/2.0/ http://www.openarchives.org/OAI/2.0/OAI-PMH.xsd">
  <ListRecords>
    <record>
      <header>
        <identifier>aleph-publish:000452919</identifier>
      </header>
      <metadata>
        <record xmlns="http://www.ddb.de/professionell/mabxml/mabxml-1.xsd">
          <leader>01141cM2.01200024------h</leader>
          <controlfield tag="LDR">01141cM2.01200024------h</controlfield>
          <controlfield tag="FMT">MH</controlfield>
          <datafield tag="001" ind1="-" ind2="1">
            <subfield code="a">HT002994198</subfield>
          </datafield>
          <datafield tag="002" ind1="a" ind2="1">
            <subfield code="a">19991118</subfield>
          </datafield>
          <datafield tag="003" ind1="-" ind2="1">
            <subfield code="a">20100303164931</subfield>
          </datafield>
          <datafield tag="004" ind1="-" ind2="1">
            <subfield code="a">20120201</subfield>
          </datafield>
          <datafield tag="020" ind1="a" ind2="1">
            <subfield code="a">82751-4</subfield>
            <subfield code="b">DNB</subfield>
          </datafield>
          <datafield tag="025" ind1="a" ind2="1">
            <subfield code="a">010554378</subfield>
          </datafield>
          <datafield tag="025" ind1="o" ind2="1">
            <subfield code="a">483548970</subfield>
          </datafield>
          <datafield tag="025" ind1="z" ind2="1">
            <subfield code="a">82751-4</subfield>
          </datafield>
          <datafield tag="026" ind1="-" ind2="1">
            <subfield code="a">ZDB82751-4</subfield>
          </datafield>
          <controlfield tag="030">b|1dcz|z|||35</controlfield>
          <datafield tag="036" ind1="a" ind2="1">
            <subfield code="a">XA-DE</subfield>
          </datafield>
          <datafield tag="037" ind1="b" ind2="1">
            <subfield code="a">ger</subfield>
          </datafield>
          <controlfield tag="050">a|a|||||||||||</controlfield>
          <controlfield tag="052">pst||||z|||||||</controlfield>
          <datafield tag="070" ind1="-" ind2="1">
            <subfield code="a">9001</subfield>
          </datafield>
          <datafield tag="070" ind1="a" ind2="1">
            <subfield code="a">DNB</subfield>
          </datafield>
          <datafield tag="070" ind1="b" ind2="1">
            <subfield code="a">9999</subfield>
          </datafield>
          <datafield tag="200" ind1="b" ind2="1">
            <subfield code="k">Deutschland</subfield>
            <subfield code="h">Bundesrepublik</subfield>
            <subfield code="b">Statistisches Bundesamt</subfield>
            <subfield code="9">(DE-588)1002826-2</subfield>
          </datafield>
          <datafield tag="310" ind1="-" ind2="1">
            <subfield code="a">Statistik des Auslandes / Länderbericht / Korea, Demokratische Volksrepublik</subfield>
          </datafield>
          <datafield tag="331" ind1="-" ind2="1">
            <subfield code="a">Statistik des Auslandes</subfield>
          </datafield>
          <datafield tag="359" ind1="-" ind2="1">
            <subfield code="a">Statistisches Bundesamt Wiesbaden</subfield>
          </datafield>
          <datafield tag="360" ind1="-" ind2="1">
            <subfield code="a">Länderbericht</subfield>
          </datafield>
          <datafield tag="360" ind1="-" ind2="1">
            <subfield code="a">Korea, Demokratische Volksrepublik</subfield>
          </datafield>
          <datafield tag="370" ind1="a" ind2="1">
            <subfield code="a">Länderbericht</subfield>
          </datafield>
          <datafield tag="405" ind1="-" ind2="1">
            <subfield code="a">1986 - 1987</subfield>
          </datafield>
          <datafield tag="410" ind1="-" ind2="1">
            <subfield code="a">Stuttgart ; Mainz</subfield>
          </datafield>
          <datafield tag="412" ind1="-" ind2="1">
            <subfield code="a">Kohlhammer</subfield>
          </datafield>
          <datafield tag="425" ind1="b" ind2="1">
            <subfield code="a">1986</subfield>
          </datafield>
          <datafield tag="425" ind1="c" ind2="1">
            <subfield code="a">1987</subfield>
          </datafield>
          <datafield tag="531" ind1="z" ind2="1">
            <subfield code="p">Vorg. ---&gt;</subfield>
            <subfield code="a">Statistik des Auslandes / Länderbericht / Demokratische Volksrepublik Korea</subfield>
            <subfield code="9">HT002994207</subfield>
          </datafield>
          <datafield tag="533" ind1="z" ind2="1">
            <subfield code="p">Forts. ---&gt;</subfield>
            <subfield code="a">Länderbericht &lt;Stuttgart&gt; / Korea, Demokratische Volksrepublik</subfield>
            <subfield code="9">HT003446390</subfield>
          </datafield>
          <datafield tag="537" ind1="-" ind2="1">
            <subfield code="a">C*188!</subfield>
          </datafield>
          <datafield tag="542" ind1="a" ind2="1">
            <subfield code="a">0931-3389</subfield>
          </datafield>
          <datafield tag="542" ind1="z" ind2="1">
            <subfield code="b">geh. : DM 7.90 (Einzelbd.)</subfield>
          </datafield>
          <datafield tag="545" ind1="a" ind2="1">
            <subfield code="a">ISSN 0931-3389</subfield>
          </datafield>
          <datafield tag="574" ind1="-" ind2="1">
            <subfield code="a">87,A09,0427</subfield>
          </datafield>
          <datafield tag="700" ind1="-" ind2="1">
            <subfield code="a">17</subfield>
            <subfield code="a">DNB</subfield>
          </datafield>
          <datafield tag="700" ind1="-" ind2="1">
            <subfield code="a">15</subfield>
            <subfield code="a">DNB</subfield>
          </datafield>
          <datafield tag="700" ind1="-" ind2="1">
            <subfield code="a">330</subfield>
            <subfield code="a">DNB</subfield>
          </datafield>
          <datafield tag="700" ind1="-" ind2="1">
            <subfield code="a">380</subfield>
            <subfield code="a">DNB</subfield>
          </datafield>
          <datafield tag="700" ind1="-" ind2="1">
            <subfield code="a">650</subfield>
            <subfield code="a">DNB</subfield>
          </datafield>
          <datafield tag="700" ind1="-" ind2="1">
            <subfield code="a">670</subfield>
            <subfield code="a">DNB</subfield>
          </datafield>
          <datafield tag="700" ind1="l" ind2="1">
            <subfield code="a">710 ; 810 ; 610 ; 630</subfield>
          </datafield>
          <datafield tag="700" ind1="-" ind2="1">
            <subfield code="a">310</subfield>
            <subfield code="a">ZDB</subfield>
          </datafield>
          <datafield tag="700" ind1="z" ind2="1">
            <subfield code="a">601</subfield>
          </datafield>
          <datafield tag="902" ind1="-" ind2="1">
            <subfield code="g">Nordkorea</subfield>
            <subfield code="9">(DE-588)4075468-6</subfield>
          </datafield>
          <datafield tag="902" ind1="-" ind2="1">
            <subfield code="s">Statistik</subfield>
            <subfield code="9">(DE-588)4056995-0</subfield>
          </datafield>
          <datafield tag="904" ind1="a" ind2="1">
            <subfield code="a">DE-600DE-600</subfield>
          </datafield>
          <controlfield tag="SYS">000452919</controlfield>
          <datafield tag="016" ind1="-" ind2="1">
            <subfield code="a">551244372</subfield>
            <subfield code="b">DNB</subfield>
          </datafield>
          <datafield tag="PKO" ind1="-" ind2="1">
            <subfield code="k">Deutschland</subfield>
            <subfield code="h">Bundesrepublik</subfield>
            <subfield code="b">Statistical Office</subfield>
            <subfield code="9">(DE-588)1002826-2</subfield>
          </datafield>
          <datafield tag="PKO" ind1="-" ind2="1">
            <subfield code="k">Statistisches Bundesamt</subfield>
            <subfield code="h">Deutschland, Bundesrepublik</subfield>
            <subfield code="9">(DE-588)1002826-2</subfield>
          </datafield>
          <datafield tag="PKO" ind1="-" ind2="1">
            <subfield code="k">Deutschland</subfield>
            <subfield code="h">Bundesrepublik</subfield>
            <subfield code="b">Statistisches Bundesamt</subfield>
            <subfield code="b">Abteilung Allgemeine Fachfragen der Statistik, Rechtsfragen, Volkswirtschaftliche Gesamtrechnungen</subfield>
            <subfield code="9">(DE-588)1002826-2</subfield>
          </datafield>
          <datafield tag="PKO" ind1="-" ind2="1">
            <subfield code="k">Deutschland</subfield>
            <subfield code="h">Bundesrepublik</subfield>
            <subfield code="b">Statistisches Bundesamt</subfield>
            <subfield code="b">Abteilung Finanzen und Steuern, Allgemeine Öffentlichkeitsarbeit</subfield>
            <subfield code="9">(DE-588)1002826-2</subfield>
          </datafield>
          <datafield tag="PKO" ind1="-" ind2="1">
            <subfield code="k">Deutschland</subfield>
            <subfield code="h">Bundesrepublik</subfield>
            <subfield code="b">Statistisches Bundesamt</subfield>
            <subfield code="b">Abteilung Volks-, Berufs- und Wohnungszählungen, Allgemeine Bevölkerungswissenschaftliche Analysen</subfield>
            <subfield code="9">(DE-588)1002826-2</subfield>
          </datafield>
          <datafield tag="PKO" ind1="-" ind2="1">
            <subfield code="k">Deutschland</subfield>
            <subfield code="h">Bundesrepublik</subfield>
            <subfield code="b">Office de la Statistique</subfield>
            <subfield code="9">(DE-588)1002826-2</subfield>
          </datafield>
          <datafield tag="PKO" ind1="-" ind2="1">
            <subfield code="k">Deutschland</subfield>
            <subfield code="h">Bundesrepublik</subfield>
            <subfield code="b">Statistisches Bundesamt</subfield>
            <subfield code="b">Gruppe Öffentlichkeitsarbeit</subfield>
            <subfield code="9">(DE-588)1002826-2</subfield>
          </datafield>
          <datafield tag="PKO" ind1="-" ind2="1">
            <subfield code="k">Federal Statistical Office</subfield>
            <subfield code="h">Deutschland, Bundesrepublik</subfield>
            <subfield code="9">(DE-588)1002826-2</subfield>
          </datafield>
          <datafield tag="PKO" ind1="-" ind2="1">
            <subfield code="k">Office Fédéral de la Statistique</subfield>
            <subfield code="h">Deutschland, Bundesrepublik</subfield>
            <subfield code="9">(DE-588)1002826-2</subfield>
          </datafield>
          <datafield tag="PKO" ind1="-" ind2="1">
            <subfield code="k">Office de la Statistique</subfield>
            <subfield code="h">Deutschland, Bundesrepublik</subfield>
            <subfield code="9">(DE-588)1002826-2</subfield>
          </datafield>
          <datafield tag="PKO" ind1="-" ind2="1">
            <subfield code="k">Gruppe Öffentlichkeitsarbeit</subfield>
            <subfield code="h">Deutschland, Bundesrepublik, Statistisches Bundesamt</subfield>
            <subfield code="9">(DE-588)1002826-2</subfield>
          </datafield>
          <datafield tag="PKO" ind1="-" ind2="1">
            <subfield code="k">Statistical Office</subfield>
            <subfield code="h">Deutschland, Bundesrepublik</subfield>
            <subfield code="9">(DE-588)1002826-2</subfield>
          </datafield>
          <datafield tag="PKO" ind1="-" ind2="1">
            <subfield code="k">Deutschland</subfield>
            <subfield code="h">Bundesrepublik</subfield>
            <subfield code="b">Oficina de Estadística</subfield>
            <subfield code="9">(DE-588)1002826-2</subfield>
          </datafield>
          <datafield tag="PKO" ind1="-" ind2="1">
            <subfield code="k">Oficina de Estadística</subfield>
            <subfield code="h">Deutschland, Bundesrepublik</subfield>
            <subfield code="9">(DE-588)1002826-2</subfield>
          </datafield>
          <datafield tag="PKO" ind1="-" ind2="1">
            <subfield code="k">Oficina Federal de Estadística</subfield>
            <subfield code="h">Deutschland, Bundesrepublik</subfield>
            <subfield code="9">(DE-588)1002826-2</subfield>
          </datafield>
          <datafield tag="PKO" ind1="-" ind2="1">
            <subfield code="k">Deutschland</subfield>
            <subfield code="h">Bundesrepublik</subfield>
            <subfield code="b">Statistisches Bundesamt</subfield>
            <subfield code="b">Gruppe Bildung und Kultur</subfield>
            <subfield code="9">(DE-588)1002826-2</subfield>
          </datafield>
          <datafield tag="PKO" ind1="-" ind2="1">
            <subfield code="k">Gruppe Bildung und Kultur</subfield>
            <subfield code="h">Deutschland, Bundesrepublik, Statistisches Bundesamt</subfield>
            <subfield code="9">(DE-588)1002826-2</subfield>
          </datafield>
          <datafield tag="PKO" ind1="-" ind2="1">
            <subfield code="k">Deutschland</subfield>
            <subfield code="h">Bundesrepublik</subfield>
            <subfield code="b">Statistisches Bundesamt</subfield>
            <subfield code="b">Abteilung Strukturuntersuchungen</subfield>
            <subfield code="9">(DE-588)1002826-2</subfield>
          </datafield>
          <datafield tag="PKO" ind1="-" ind2="1">
            <subfield code="k">Deutschland</subfield>
            <subfield code="h">Bundesrepublik</subfield>
            <subfield code="b">Statistisches Bundesamt</subfield>
            <subfield code="b">Gruppe</subfield>
            <subfield code="h">7 C</subfield>
            <subfield code="9">(DE-588)1002826-2</subfield>
          </datafield>
          <datafield tag="PKO" ind1="-" ind2="1">
            <subfield code="k">Deutschland</subfield>
            <subfield code="h">Bundesrepublik</subfield>
            <subfield code="b">Statistisches Bundesamt</subfield>
            <subfield code="b">Bildung und Kultur</subfield>
            <subfield code="9">(DE-588)1002826-2</subfield>
          </datafield>
          <datafield tag="PKO" ind1="-" ind2="1">
            <subfield code="k">Bildung und Kultur</subfield>
            <subfield code="h">Deutschland, Bundesrepublik, Statistisches Bundesamt</subfield>
            <subfield code="9">(DE-588)1002826-2</subfield>
          </datafield>
          <datafield tag="PKO" ind1="-" ind2="1">
            <subfield code="k">Deutschland</subfield>
            <subfield code="h">Bundesrepublik</subfield>
            <subfield code="b">Statistisches Bundesamt</subfield>
            <subfield code="b">Projektgruppe Erweiterung des Umweltstatistischen Instrumentariums</subfield>
            <subfield code="9">(DE-588)1002826-2</subfield>
          </datafield>
          <datafield tag="PKO" ind1="-" ind2="1">
            <subfield code="k">Projektgruppe Erweiterung des Umweltstatistischen Instrumentariums</subfield>
            <subfield code="h">Deutschland, Bundesrepublik</subfield>
            <subfield code="9">(DE-588)1002826-2</subfield>
          </datafield>
          <datafield tag="PKO" ind1="-" ind2="1">
            <subfield code="k">Deutschland</subfield>
            <subfield code="h">Bundesrepublik</subfield>
            <subfield code="b">Statistical Office</subfield>
            <subfield code="9">(DE-588)1002826-2</subfield>
          </datafield>
          <datafield tag="PKO" ind1="-" ind2="1">
            <subfield code="k">Statistisches Bundesamt</subfield>
            <subfield code="h">Deutschland, Bundesrepublik</subfield>
            <subfield code="9">(DE-588)1002826-2</subfield>
          </datafield>
          <datafield tag="PKO" ind1="-" ind2="1">
            <subfield code="k">Deutschland</subfield>
            <subfield code="h">Bundesrepublik</subfield>
            <subfield code="b">Statistisches Bundesamt</subfield>
            <subfield code="b">Abteilung Allgemeine Fachfragen der Statistik, Rechtsfragen, Volkswirtschaftliche Gesamtrechnungen</subfield>
            <subfield code="9">(DE-588)1002826-2</subfield>
          </datafield>
          <datafield tag="PKO" ind1="-" ind2="1">
            <subfield code="k">Deutschland</subfield>
            <subfield code="h">Bundesrepublik</subfield>
            <subfield code="b">Statistisches Bundesamt</subfield>
            <subfield code="b">Abteilung Finanzen und Steuern, Allgemeine Öffentlichkeitsarbeit</subfield>
            <subfield code="9">(DE-588)1002826-2</subfield>
          </datafield>
          <datafield tag="PKO" ind1="-" ind2="1">
            <subfield code="k">Deutschland</subfield>
            <subfield code="h">Bundesrepublik</subfield>
            <subfield code="b">Statistisches Bundesamt</subfield>
            <subfield code="b">Abteilung Volks-, Berufs- und Wohnungszählungen, Allgemeine Bevölkerungswissenschaftliche Analysen</subfield>
            <subfield code="9">(DE-588)1002826-2</subfield>
          </datafield>
          <datafield tag="PKO" ind1="-" ind2="1">
            <subfield code="k">Deutschland</subfield>
            <subfield code="h">Bundesrepublik</subfield>
            <subfield code="b">Office de la Statistique</subfield>
            <subfield code="9">(DE-588)1002826-2</subfield>
          </datafield>
          <datafield tag="PKO" ind1="-" ind2="1">
            <subfield code="k">Deutschland</subfield>
            <subfield code="h">Bundesrepublik</subfield>
            <subfield code="b">Statistisches Bundesamt</subfield>
            <subfield code="b">Gruppe Öffentlichkeitsarbeit</subfield>
            <subfield code="9">(DE-588)1002826-2</subfield>
          </datafield>
          <datafield tag="PKO" ind1="-" ind2="1">
            <subfield code="k">Federal Statistical Office</subfield>
            <subfield code="h">Deutschland, Bundesrepublik</subfield>
            <subfield code="9">(DE-588)1002826-2</subfield>
          </datafield>
          <datafield tag="PKO" ind1="-" ind2="1">
            <subfield code="k">Office Fédéral de la Statistique</subfield>
            <subfield code="h">Deutschland, Bundesrepublik</subfield>
            <subfield code="9">(DE-588)1002826-2</subfield>
          </datafield>
          <datafield tag="PKO" ind1="-" ind2="1">
            <subfield code="k">Office de la Statistique</subfield>
            <subfield code="h">Deutschland, Bundesrepublik</subfield>
            <subfield code="9">(DE-588)1002826-2</subfield>
          </datafield>
          <datafield tag="PKO" ind1="-" ind2="1">
            <subfield code="k">Gruppe Öffentlichkeitsarbeit</subfield>
            <subfield code="h">Deutschland, Bundesrepublik, Statistisches Bundesamt</subfield>
            <subfield code="9">(DE-588)1002826-2</subfield>
          </datafield>
          <datafield tag="PKO" ind1="-" ind2="1">
            <subfield code="k">Statistical Office</subfield>
            <subfield code="h">Deutschland, Bundesrepublik</subfield>
            <subfield code="9">(DE-588)1002826-2</subfield>
          </datafield>
          <datafield tag="PKO" ind1="-" ind2="1">
            <subfield code="k">Deutschland</subfield>
            <subfield code="h">Bundesrepublik</subfield>
            <subfield code="b">Oficina de Estadística</subfield>
            <subfield code="9">(DE-588)1002826-2</subfield>
          </datafield>
          <datafield tag="PKO" ind1="-" ind2="1">
            <subfield code="k">Oficina de Estadística</subfield>
            <subfield code="h">Deutschland, Bundesrepublik</subfield>
            <subfield code="9">(DE-588)1002826-2</subfield>
          </datafield>
          <datafield tag="PKO" ind1="-" ind2="1">
            <subfield code="k">Oficina Federal de Estadística</subfield>
            <subfield code="h">Deutschland, Bundesrepublik</subfield>
            <subfield code="9">(DE-588)1002826-2</subfield>
          </datafield>
          <datafield tag="PKO" ind1="-" ind2="1">
            <subfield code="k">Deutschland</subfield>
            <subfield code="h">Bundesrepublik</subfield>
            <subfield code="b">Statistisches Bundesamt</subfield>
            <subfield code="b">Gruppe Bildung und Kultur</subfield>
            <subfield code="9">(DE-588)1002826-2</subfield>
          </datafield>
          <datafield tag="PKO" ind1="-" ind2="1">
            <subfield code="k">Gruppe Bildung und Kultur</subfield>
            <subfield code="h">Deutschland, Bundesrepublik, Statistisches Bundesamt</subfield>
            <subfield code="9">(DE-588)1002826-2</subfield>
          </datafield>
          <datafield tag="PKO" ind1="-" ind2="1">
            <subfield code="k">Deutschland</subfield>
            <subfield code="h">Bundesrepublik</subfield>
            <subfield code="b">Statistisches Bundesamt</subfield>
            <subfield code="b">Abteilung Strukturuntersuchungen</subfield>
            <subfield code="9">(DE-588)1002826-2</subfield>
          </datafield>
          <datafield tag="PKO" ind1="-" ind2="1">
            <subfield code="k">Deutschland</subfield>
            <subfield code="h">Bundesrepublik</subfield>
            <subfield code="b">Statistisches Bundesamt</subfield>
            <subfield code="b">Gruppe</subfield>
            <subfield code="h">7 C</subfield>
            <subfield code="9">(DE-588)1002826-2</subfield>
          </datafield>
          <datafield tag="PKO" ind1="-" ind2="1">
            <subfield code="k">Deutschland</subfield>
            <subfield code="h">Bundesrepublik</subfield>
            <subfield code="b">Statistisches Bundesamt</subfield>
            <subfield code="b">Bildung und Kultur</subfield>
            <subfield code="9">(DE-588)1002826-2</subfield>
          </datafield>
          <datafield tag="PKO" ind1="-" ind2="1">
            <subfield code="k">Bildung und Kultur</subfield>
            <subfield code="h">Deutschland, Bundesrepublik, Statistisches Bundesamt</subfield>
            <subfield code="9">(DE-588)1002826-2</subfield>
          </datafield>
          <datafield tag="PKO" ind1="-" ind2="1">
            <subfield code="k">Deutschland</subfield>
            <subfield code="h">Bundesrepublik</subfield>
            <subfield code="b">Statistisches Bundesamt</subfield>
            <subfield code="b">Projektgruppe Erweiterung des Umweltstatistischen Instrumentariums</subfield>
            <subfield code="9">(DE-588)1002826-2</subfield>
          </datafield>
          <datafield tag="PKO" ind1="-" ind2="1">
            <subfield code="k">Projektgruppe Erweiterung des Umweltstatistischen Instrumentariums</subfield>
            <subfield code="h">Deutschland, Bundesrepublik</subfield>
            <subfield code="9">(DE-588)1002826-2</subfield>
          </datafield>
          <datafield tag="PSW" ind1="-" ind2="1">
            <subfield code="g">Korea</subfield>
            <subfield code="z">Nord</subfield>
            <subfield code="9">(DE-588)4075468-6</subfield>
          </datafield>
          <datafield tag="PSW" ind1="-" ind2="1">
            <subfield code="g">Korea</subfield>
            <subfield code="h">Demokratische Volksrepublik</subfield>
            <subfield code="9">(DE-588)4075468-6</subfield>
          </datafield>
          <datafield tag="PSW" ind1="-" ind2="1">
            <subfield code="g">Chosŏn-Minjujuŭi-Inmin-Konghwaguk</subfield>
            <subfield code="9">(DE-588)4075468-6</subfield>
          </datafield>
          <datafield tag="PSW" ind1="-" ind2="1">
            <subfield code="g">Choson̆ Minjujuuĭ In'min Konghwaguk</subfield>
            <subfield code="9">(DE-588)4075468-6</subfield>
          </datafield>
          <datafield tag="PSW" ind1="-" ind2="1">
            <subfield code="s">Mathematische Statistik</subfield>
            <subfield code="9">(DE-588)4056995-0</subfield>
          </datafield>
          <datafield tag="PSW" ind1="-" ind2="1">
            <subfield code="s">Statistische Mathematik</subfield>
            <subfield code="9">(DE-588)4056995-0</subfield>
          </datafield>
          <datafield tag="PSW" ind1="-" ind2="1">
            <subfield code="s">Statistische Methode</subfield>
            <subfield code="9">(DE-588)4056995-0</subfield>
          </datafield>
          <datafield tag="PSW" ind1="-" ind2="1">
            <subfield code="s">Statistisches Verfahren</subfield>
            <subfield code="9">(DE-588)4056995-0</subfield>
          </datafield>
          <datafield tag="PSW" ind1="-" ind2="1">
            <subfield code="s">Statistiken</subfield>
            <subfield code="9">(DE-588)4056995-0</subfield>
          </datafield>
          <datafield tag="PSW" ind1="-" ind2="1">
            <subfield code="g">Korea</subfield>
            <subfield code="z">Nord</subfield>
            <subfield code="9">(DE-588)4075468-6</subfield>
          </datafield>
          <datafield tag="PSW" ind1="-" ind2="1">
            <subfield code="g">Korea</subfield>
            <subfield code="h">Demokratische Volksrepublik</subfield>
            <subfield code="9">(DE-588)4075468-6</subfield>
          </datafield>
          <datafield tag="PSW" ind1="-" ind2="1">
            <subfield code="g">Chosŏn-Minjujuŭi-Inmin-Konghwaguk</subfield>
            <subfield code="9">(DE-588)4075468-6</subfield>
          </datafield>
          <datafield tag="PSW" ind1="-" ind2="1">
            <subfield code="g">Choson̆ Minjujuuĭ In'min Konghwaguk</subfield>
            <subfield code="9">(DE-588)4075468-6</subfield>
          </datafield>
          <datafield tag="PSW" ind1="-" ind2="1">
            <subfield code="s">Mathematische Statistik</subfield>
            <subfield code="9">(DE-588)4056995-0</subfield>
          </datafield>
          <datafield tag="PSW" ind1="-" ind2="1">
            <subfield code="s">Statistische Mathematik</subfield>
            <subfield code="9">(DE-588)4056995-0</subfield>
          </datafield>
          <datafield tag="PSW" ind1="-" ind2="1">
            <subfield code="s">Statistische Methode</subfield>
            <subfield code="9">(DE-588)4056995-0</subfield>
          </datafield>
          <datafield tag="PSW" ind1="-" ind2="1">
            <subfield code="s">Statistisches Verfahren</subfield>
            <subfield code="9">(DE-588)4056995-0</subfield>
          </datafield>
          <datafield tag="PSW" ind1="-" ind2="1">
            <subfield code="s">Statistiken</subfield>
            <subfield code="9">(DE-588)4056995-0</subfield>
          </datafield>
          <datafield tag="200" ind1=" " ind2=" ">
            <subfield code="0">1</subfield>
            <subfield code="b">1986 - 1987</subfield>
            <subfield code="f">P 02/49 s 105</subfield>
          </datafield>
          <datafield tag="OWN" ind1=" " ind2=" ">
            <subfield code="a">P0001</subfield>
          </datafield>
          <datafield tag="PLK" ind1=" " ind2=" ">
            <subfield code="a">PAR</subfield>
            <subfield code="l">PAD01</subfield>
            <subfield code="b">000520933</subfield>
            <subfield code="m">Früher unter dem Titel:^Statistik des Auslandes / Länderbericht / Korea, Demokratische Volksrepublik.^1986</subfield>
            <subfield code="n">Später unter dem Titel:^Länderbericht &lt;Stuttgart&gt; / Korea, Demokratische Volksrepublik.^1989</subfield>
          </datafield>
          <datafield tag="PLK" ind1=" " ind2=" ">
            <subfield code="a">PAR</subfield>
            <subfield code="l">PAD01</subfield>
            <subfield code="b">000452923</subfield>
            <subfield code="m">Später unter dem Titel:^Statistik des Auslandes / Länderbericht / Korea, Demokratische Volksrepublik.^1986</subfield>
            <subfield code="n">Früher unter dem Titel:^Statistik des Auslandes / Länderbericht / Demokratische Volksrepublik Korea.^1977</subfield>
          </datafield>
        </record>
      </metadata>
    </record>
  </ListRecords>
</OAI-PMH>
